1872 3250
645 244 1165 290 ΙΛΥΞΙΞΤΒΑΤΑ.Κ
1579 254 1630 293 21

215 363 343 406 Mur..
373 361 408 404 1.
441 361 626 403 Domum
646 361 704 404 ire
719 362 838 403 volo:
870 360 983 403 domi
999 362 1112 404 enim
1130 362 1234 406 mihi
1249 367 1312 406 est
1338 364 1432 406 lana
1447 363 1629 418 Milesia,

154 442 280 484 quam
301 428 425 470 tineae
439 425 601 469 rodunt.

209 494 312 536 LYs.
341 493 448 539 Quae
468 492 592 534 tineae
610 493 624 534 ?
658 505 795 534 nonne
815 491 892 533 ibis
912 493 1047 534 retro?

158 560 287 602 MUL.
317 560 352 602 Ι.
383 558 466 601 Sed
501 558 583 600 cito
598 563 787 611 revortar,
805 572 876 614 per
896 557 1026 600 Divas
1058 556 1168 614 juro,
1194 559 1421 603 dummodo
1446 561 1490 604 in
1516 562 1625 604 lecto

162 626 443 668 extendero—

216 691 321 733 LYs.
353 691 422 733 Ne
441 690 631 744 extende,
652 667 784 745 neque
803 688 922 742 abeas
943 702 1133 744 usquam.

213 755 340 798 Mur..
370 757 404 798 I.
436 757 520 799 Sed
540 758 731 798 lanamne
752 754 880 810 perire
900 754 1061 813 sinam?

209 822 316 864 LYs.
347 823 426 876 Ita,
449 823 483 865 si
504 836 670 864 necesse
689 820 755 861 sit.

216 888 344 931 Mus..
375 889 436 932 11.
465 889 541 931 Me
562 888 767 940 miseram,
789 901 855 928 me
877 885 1081 942 miseram,
1113 888 1167 930 ob
1198 888 1466 945 amorgidem,
1501 905 1626 947 quam

156 953 304 1009 reliqui
323 953 435 995 domi
458 969 540 995 non
561 952 848 995 decorticatam
870 952 879 994 ἔ

210 1023 311 1064 LYs.
345 1021 413 1063 En
435 1022 526 1075 alia,
547 1021 598 1063 ad
618 1020 805 1075 amorgin
827 1035 910 1061 non
945 1019 1236 1063 decorticatam
1275 1037 1370 1079 quae
1406 1023 1624 1078 egreditur.

157 1087 428 1196 Reiiilltiiioeil.
456 1153 516 1194 At
535 1166 609 1207 Per
627 1151 979 1208 Luciferamjuro‚
997 1166 1063 1195 me
1081 1157 1268 1195 actutum
1288 1153 1384 1196 inde
1405 1153 1486 1196 huc
1515 1154 1623 1197 redi-

154 1225 303 1271 turam,
322 1218 391 1260 ubi
411 1232 501 1260 eam
521 1217 833 1258 decorticavero.

211 1284 314 1325 Lvs.
345 1283 445 1324 Noli
465 1282 737 1324 decorticare·
775 1297 872 1324 nam
905 1282 939 1324 si
956 1289 1002 1324 tu
1021 1284 1127 1326 istuc
1166 1284 1448 1341 inceptaveris,
1481 1285 1625 1330 itidem

158 1351 237 1393 alia
257 1351 405 1392 mulier
427 1352 558 1392 facere
580 1350 704 1392 volet.

211 1417 338 1459 Mm..
369 1416 451 1459 III.
481 1416 520 1457 O
540 1415 632 1457 diva
667 1415 843 1468 Lucina,
869 1414 999 1457 retine
1026 1422 1208 1472 partum,
1240 1415 1372 1458 donec
1405 1417 1449 1459 in
1483 1420 1623 1462 locum

156 1486 374 1542 profanum
400 1485 524 1527 ivero.

208 1551 313 1593 LYs.
342 1550 455 1596 Quid
476 1550 640 1605 nugaris
660 1551 718 1592 ita
745 1551 760 1592 ?

214 1617 343 1659 MUL.
375 1616 454 1658 ΙΙΙ.
484 1615 665 1672 Jamjam
688 1616 859 1672 pariam.

211 1681 318 1723 Lvs.
349 1682 478 1737 Atqui
499 1682 584 1724 heri
605 1697 688 1724 non
710 1696 796 1724 eras
817 1695 1050 1737 praegnans.

215 1747 343 1788 Mun.
373 1747 456 1789 111.
484 1747 639 1790 Verum
673 1748 809 1790 hodie.
868 1747 952 1789 Sed
979 1747 1151 1788 domum
1188 1761 1256 1789 me
1293 1747 1571 1802 obstetricem,
1602 1751 1629 1792 ὂ

163 1812 399 1868 Lysistrata,
418 1813 581 1855 dimitte
601 1828 724 1868 quam
746 1814 942 1869 primum.

216 1878 322 1920 LYs.
353 1878 490 1923 Quam
512 1880 691 1921 fabulam
715 1880 877 1921 narras?
910 1877 1009 1934 quid
1027 1878 1153 1920 habes
1173 1877 1241 1919 hic
1262 1878 1381 1922 duri?

216 1945 344 1988 MUL.
375 1945 456 1987 ΙΙΙ.
487 1946 727 1988 Masculum
749 1946 967 1988 infantem.

218 2011 326 2053 LYs.
356 2011 456 2053 Non
477 2018 524 2054 tu
545 2018 716 2054 ecastor.
760 2012 949 2054 Profecto
965 2011 1145 2053 ahenum
1166 2011 1313 2054 habere
1333 2014 1535 2068 quoddam
1567 2016 1628 2058 vi-

161 2075 266 2118 deris
286 2091 448 2120 cavum.
498 2077 637 2120 Sciam
661 2077 799 2120 modo.
830 2078 870 2120 O
892 2077 1093 2120 ridicula!
1126 2091 1279 2119 sacram
1301 2080 1460 2135 galeam
1484 2081 1626 2135 habes,

163 2147 206 2183 et
225 2148 510 2197 praegnantem
533 2149 575 2184 te
595 2158 683 2185 esse
700 2143 802 2185 dicis
822 2143 831 2185 !

216 2207 343 2249 MUL.
375 2207 454 2249 111.
484 2207 543 2250 Et
560 2209 707 2264 edepol
727 2223 945 2265 praegnans
966 2223 1074 2251 sum.

217 2275 321 2316 Lvs.
353 2274 437 2317 Cur
456 2290 555 2331 ergo
575 2276 684 2318 hanc
705 2277 883 2318 habebas
902 2278 916 2318 ?

219 2340 347 2383 Mun.
378 2341 460 2384 ΙΙΙ.
492 2342 567 2394 Ut,
591 2342 626 2384 si
648 2357 714 2385 me
737 2349 976 2398 occupasset
1009 2349 1150 2399 partus
1182 2343 1316 2385 adhuc
1346 2344 1389 2386 in
1420 2359 1527 2399 arce,
1557 2362 1629 2404 pa-

162 2421 291 2449 rerem
313 2407 355 2448 in
376 2409 537 2462 galeam
559 2408 679 2450 istam
702 2408 899 2464 ingressa,
920 2415 967 2450 ut
990 2410 1212 2451 columbae.

221 2473 325 2515 LYs.
355 2473 468 2519 Quid
488 2474 622 2517 dicis?
656 2489 728 2516 cur
749 2475 980 2517 manifestae
1001 2474 1059 2516 rei
1092 2476 1213 2517 verba
1242 2475 1493 2531 praetendis?
1543 2492 1628 2521 non

162 2541 375 2583 lustricum
399 2543 529 2597 galeae
549 2542 659 2584 diem
681 2542 748 2584 hic
767 2542 1028 2598 expectabis?

219 2607 452 2649 M01.1V.
483 2609 541 2650 At
559 2623 640 2650 non
658 2623 823 2664 possum
839 2608 1014 2663 amplius
1029 2622 1080 2649 ne
1094 2607 1259 2664 quidem
1274 2609 1504 2685 dormirem
1520 2626 1625 2666 arce,

168 2686 221 2713 ex
242 2687 323 2727 quo
343 2683 575 2728 serpentem
598 2674 714 2715 illum
737 2674 937 2716 aedituum
956 2673 1051 2716 vidi.

229 2739 356 2780 Mm„
386 2738 440 2781 V.
471 2739 566 2794 Ego
595 2754 689 2781 vero
720 2739 868 2781 misera
896 2753 1018 2797 pereo
1047 2740 1252 2784 insomnia
1281 2742 1335 2785 ob
1380 2740 1627 2784 continuum

166 2803 452 2847 tutubantium
477 2810 718 2848 noctuarum
743 2806 998 2860 clangorem.
